<?xml version="1.0" encoding="UTF-8"?><collection xmlns="http://www.loc.gov/MARC21/slim"><record><leader>00484nam--2200181-i-4500</leader><controlfield tag="001">000033816</controlfield><controlfield tag="002">20161230</controlfield><controlfield tag="005">20161230201039</controlfield><controlfield tag="008">060222s1000------------r-----000-0-fre-d</controlfield><datafield ind1=" " ind2=" " tag="040"><subfield code="a">IFIN-HH</subfield></datafield><datafield ind1=" " ind2=" " tag="041"><subfield code="b">fre</subfield></datafield><datafield ind1=" " ind2=" " tag="080"><subfield code="a">52-732:524.1(043)</subfield></datafield><datafield ind1="1" ind2=" " tag="100"><subfield code="a">Montmerle, Thierry</subfield></datafield><datafield ind1="1" ind2="0" tag="245"><subfield code="a">Existe-t-il un rayonnement cosmique cosmologique?</subfield><subfield code="b">These</subfield><subfield code="c">Thierry montmerle</subfield></datafield><datafield ind1=" " ind2=" " tag="260"><subfield code="a">Paris</subfield><subfield code="b">Universite</subfield><subfield code="c">1977</subfield></datafield><datafield ind1=" " ind2=" " tag="300"><subfield code="a">394P</subfield></datafield><datafield ind1=" " ind2=" " tag="852"><subfield code="a">48505</subfield><subfield code="c">521/522</subfield></datafield><datafield ind1=" " ind2=" " tag="CAT"><subfield code="a">Sys</subfield><subfield code="c">20130826</subfield><subfield code="h">181102</subfield></datafield></record></collection>